%%%%%%%%%%%%%%%%%%%%%%%%%%%%%%%%%%%%%%%%%%%%%%%%%%%%%%%%%%%%%%%%%%%%%%%%%%%%
%
%A  manual.bib               GUAVA documentation                Reinald Baart
%A                                                       & Jasper Cramwinckel
%A                                                          & Erik Roijackers
%
%H  $Id: manual.bib,v 1.4 2004/12/20 21:26:05 gap Exp $
%
%Y  Copyright (C)  1995,  Vakgroep Algemene Wiskunde,  T.U. Delft,  Nederland
%

@article{GDT91,
    AUTHOR = {Gabidulin, Ernst M. and Davydov, Alexander A. and Tombak,
              Leonid M.},
     TITLE = {Linear codes with covering radius $2$ and other new covering
              codes},
   JOURNAL = {IEEE Trans. Inform. Theory},
    VOLUME = {37},
      YEAR = {1991},
    NUMBER = {1},
     PAGES = {219--224},
}

@article{Han99,
        author  = "J. P. Hansen",
        title   = "Toric surfaces and error-correcting codes",
        journal = "Coding theory, cryptography, and related areas (ed., Bachmann et al) Springer-Verlag",
        year    = 1999,
}

@article{He72,
        author  = "Hermann~J. Helgert",
        title   = "Srivastava codes",
        journal = "IEEE Trans. Inform. Theory",
        volume  = 18,
        month   = "March",
        year    = 1972,
        pages   = "292--297",
}

@book{HP03,
author="W. C. Huffman and V. Pless",
title="Fundamentals of Error-correcting Codes",
publisher="Cambridge Univ. Press",
year=2003}

@article{Leon88,
        author  = "Jeffrey~S. Leon",
        title   = "A Probabilistic Algorithm for Computing Minimum Weights of
                   Large Error-Correcting Codes",
        journal = "IEEE Trans. Inform. Theory",
        volume  = 34,
        month   = "September",
        year    = 1988,
        pages   = "1354--1359",
}

@article{Leon91,
        author  = "Jeffrey~S. Leon",
        title   = "Permutation group algorithms based on partitions, {I}: theory and algorithms",
        journal = "J. Symbolic Comput.",
        volume  = 12,
        year    = 1991,
        pages   = "533--583",
}

@book{MS83,
author="F. J. MacWilliams and N. J. A. Sloane",
title="The Theory of Error-Correcting Codes",
publisher="Amsterdam: North-Holland",
year=1983}

%%%%%%%%%%%%%%%%%%%%%%%%%%%%%%%%%%%%%%%%%%%%%%%%%%%%%%%%%%%%%%%%%%%%%%%%%%%%
%E
