
@manual{polycyc,
        author =       {Bettina Eick and Werner Nickel},
        title =        {Polycyclic},
        note =         {A {GAP 4} package, see \cite{GAP}},
        year =         {2000} }

@manual{ve,
        author =       {Steve Linton},
        title =        {Vector enumeration},
        note =         {A {GAP 4} package, see \cite{GAP}},
        year =         {2000} }

@article{ENi00,
    author =     "Bettina Eick and Alice C. Niemeyer",
    title =      "An infinite polycyclic quotient algorithm",
    year =       2000,
    journal =    "In preparation" }

@article{Nie94,
        author =        {Alice C. Niemeyer},
        title  =        {A finite soluble quotient algorithm},
        journal =       {J. Symb. Comput.},
        volume =        18,
        pages =         { 541 -- 561},
        year =          1994 }

@article{Lo98b,
        author =       {E. H. Lo},
        title =        {A polycyclic quotient algorithm},
        journal =      {J. Symbol. Comput.},
        volume =       25,
        pages  =       { 61 -- 97},
        year =         1998}

@phdthesis{Lo96,
        author        = "Eddie H. Lo",
        title         = "A polycyclic quotient algorithm",
        year          = "1996",
        school        =  {Rutgers University} }

@inproceedings{Nic95,
        author        = "Werner Nickel",
        title         = "Computing Nilpotent Quotients of Finitely Presented
                         Groups",
        organization  = {(DIMACS, 1994)},
        series        = {Amer.\ Math.\ Soc.\ DIMACS Series},
        booktitle     = "Geometric and computational perspectives on
                          infinite groups",
        pages         = "175 -- 191",
        year          = "1995" }

@article{Ple87,
        author =        {W. Plesken},
        title =         {Towards a Soluble Quotient Algorithm},
        journal =       {J. Symb. Comput.},
        volume =        4,
        pages =         { 111 -- 122},
        year =          1987 }

@article{NOb96,
        author =        {M. F. Newman and E. A. O'Brien},
        title =         {Application of computers to questions like those
                        of {B}urnside, {II}},
        journal =       {Internat. J. Algebra Comput.},
        volume =        6,
        pages =         { 593 -- 605},
        year =          1996 }

