%%%%%%%%%%%%%%%%%%%%%%%%%%%%%%%%%%%%%%%%%%%%%%%%%%%%%%%%%%%%%%%%%%%%%%%%%%%%%
%%
%%  Bibliography in the paper
%%  ``The minimal degrees of faithful representations of the sporadic simple
%%  groups and their covering groups''
%%  by C. Jansen
%%
%%  (Note that [Ben80] is cited with year 1981 in this paper, but with year
%%  1980 in the ATLAS of Finite Groups.)
%%

@preamble{
   "\def\cprime{$'$} "
}

@phdthesis{Ben80,
    author = {Benson, D. J.},
     title = {The simple group $J_4$},
      year = {1980},
    school = {Cambridge},
}

@book {CCNPW85,
    AUTHOR = {Conway, J. H. and Curtis, R. T. and Norton, S. P. and Parker,
              R. A. and Wilson, R. A.},
     TITLE = {Atlas of finite groups},
      NOTE = {Maximal subgroups and ordinary characters for simple groups,
              With computational assistance from J. G. Thackray},
 PUBLISHER = {Oxford University Press},
   ADDRESS = {Eynsham},
      YEAR = {1985},
     PAGES = {xxxiv+252},
      ISBN = {0-19-853199-0},
   MRCLASS = {20D05 (20-02)},
  MRNUMBER = {MR827219 (88g:20025)},
MRREVIEWER = {R. L. Griess},
}

@misc{GAP4,
  title =            {{GAP} -- {G}roups, {A}lgorithms, and
                      {P}rogramming, {V}ersion 4.4},
  organization =     {The GAP {G}roup},
  howpublished =     {\href{http://www.gap-system.org}
                      {\texttt{http://www.gap-system.org}}},
  year =             {2004},
  key =              {GAP},
  keywords =         {groups; *; gap; manual}
}

@article {GS94,
    AUTHOR = {Griess, Jr., Robert L. and Smith, Stephen D.},
     TITLE = {Minimal dimensions for modular representations of the
              {M}onster},
   JOURNAL = {Comm. Algebra},
  FJOURNAL = {Communications in Algebra},
    VOLUME = {22},
      YEAR = {1994},
    NUMBER = {15},
     PAGES = {6279--6294},
      ISSN = {0092-7872},
     CODEN = {COALDM},
   MRCLASS = {20C34},
  MRNUMBER = {MR1303004 (96a:20021)},
MRREVIEWER = {Ulrich Meierfrankenfeld},
}

@article {HHM99,
    AUTHOR = {Henke, Anne and Hiss, Gerhard and M{\"u}ller, J{\"u}rgen},
     TITLE = {The {$7$}-modular decomposition matrices of the sporadic
              {O}'{N}an group},
   JOURNAL = {J. London Math. Soc. (2)},
  FJOURNAL = {Journal of the London Mathematical Society. Second Series},
    VOLUME = {60},
      YEAR = {1999},
    NUMBER = {1},
     PAGES = {58--70},
      ISSN = {0024-6107},
     CODEN = {JLMSAK},
   MRCLASS = {20C34 (20C20 20C33 20C40)},
  MRNUMBER = {MR1721815 (2000i:20023)},
MRREVIEWER = {Donald L. White},
}

@mastersthesis{Hen93,
    author = {Hensing, S.},
     title = {$5$-modulare {Z}erlegungszahlen der sporadischen einfachen
              {G}ruppe {$Co_1$} und ihrer {\"U}berlagerungsgruppe
              {$2.Co_1$}},
      type = {Diplomarbeit},
    school = {Universit\"at Heidelberg},
      year = {1993},
}

@article {His94,
    AUTHOR = {Hiss, Gerhard},
     TITLE = {The {$3$}-modular characters of the {R}udvalis sporadic simple
              group and its covering group},
   JOURNAL = {Math. Comp.},
  FJOURNAL = {Mathematics of Computation},
    VOLUME = {62},
      YEAR = {1994},
    NUMBER = {206},
     PAGES = {851--863},
      ISSN = {0025-5718},
     CODEN = {MCMPAF},
   MRCLASS = {20C20 (20C34 20D08)},
  MRNUMBER = {MR1212267 (94g:20013)},
MRREVIEWER = {P. Fong},
}

@article {His97,
    AUTHOR = {Hiss, Gerhard},
     TITLE = {Decomposition matrices of the {C}hevalley group {$F\sb 4(2)$}
              and its covering group},
   JOURNAL = {Comm. Algebra},
  FJOURNAL = {Communications in Algebra},
    VOLUME = {25},
      YEAR = {1997},
    NUMBER = {8},
     PAGES = {2539--2555},
      ISSN = {0092-7872},
     CODEN = {COALDM},
   MRCLASS = {20C33 (20C20 20C40)},
  MRNUMBER = {MR1459575 (98d:20016)},
MRREVIEWER = {Julianne G. Rainbolt},
}

@book {HL89,
    AUTHOR = {Hiss, G. and Lux, K.},
     TITLE = {Brauer trees of sporadic groups},
    SERIES = {Oxford Science Publications},
 PUBLISHER = {The Clarendon Press Oxford University Press},
   ADDRESS = {New York},
      YEAR = {1989},
     PAGES = {x+526},
      ISBN = {0-19-853381-0},
   MRCLASS = {20C20 (20-02 20D08)},
  MRNUMBER = {MR1033265 (91k:20018)},
MRREVIEWER = {Harvey Blau},
}

@article {HL94,
    AUTHOR = {Hiss, Gerhard and Lux, Klaus},
     TITLE = {The {$5$}-modular characters of the sporadic simple {F}ischer
              groups {${\rm Fi}\sb {22}$} and {${\rm Fi}\sb {23}$}},
      NOTE = {With an appendix by Thomas Breuer},
   JOURNAL = {Comm. Algebra},
  FJOURNAL = {Communications in Algebra},
    VOLUME = {22},
      YEAR = {1994},
    NUMBER = {9},
     PAGES = {3563--3590},
      ISSN = {0092-7872},
     CODEN = {COALDM},
   MRCLASS = {20C34 (20C40)},
  MRNUMBER = {MR1278806 (95e:20020)},
MRREVIEWER = {A. S. Kondrat{\cprime}ev},
}

@article {HM95,
    AUTHOR = {Hiss, Gerhard and M{\"u}ller, J{\"u}rgen},
     TITLE = {The {$5$}-modular characters of the sporadic simple {R}udvalis
              group and its covering group},
   JOURNAL = {Comm. Algebra},
  FJOURNAL = {Communications in Algebra},
    VOLUME = {23},
      YEAR = {1995},
    NUMBER = {12},
     PAGES = {4633--4667},
      ISSN = {0092-7872},
     CODEN = {COALDM},
   MRCLASS = {20C34 (20C20)},
  MRNUMBER = {MR1352561 (96h:20027)},
MRREVIEWER = {Donald L. White},
}

@article {HW94,
    AUTHOR = {Hiss, Gerhard and White, Donald L.},
     TITLE = {The {$5$}-modular characters of the covering group of the
              sporadic simple {F}ischer group {${\rm Fi}\sb {22}$} and its
              automorphism group},
   JOURNAL = {Comm. Algebra},
  FJOURNAL = {Communications in Algebra},
    VOLUME = {22},
      YEAR = {1994},
    NUMBER = {9},
     PAGES = {3591--3611},
      ISSN = {0092-7872},
     CODEN = {COALDM},
   MRCLASS = {20C34 (20C40)},
  MRNUMBER = {MR1278807 (95e:20021)},
MRREVIEWER = {A. S. Kondrat{\cprime}ev},
}

@misc{HJLP,
    author = {Hiss, G. and Jansen, C. and Lux, K. and Parker, R. A.},
     title = {Computing with {M}odular {C}haracters},
howpublished = {\href{http://www.math.rwth-aachen.de/LDFM/homes/MOC/CoMoChaT/}{http://www.math.rwth-aachen.de/LDFM/homes/MOC/CoMoChaT/}},
}

@book {Hup98,
    AUTHOR = {Huppert, Bertram},
     TITLE = {Character theory of finite groups},
    SERIES = {de Gruyter Expositions in Mathematics},
    VOLUME = {25},
 PUBLISHER = {Walter de Gruyter \& Co.},
   ADDRESS = {Berlin},
      YEAR = {1998},
     PAGES = {vi+618},
      ISBN = {3-11-015421-8},
   MRCLASS = {20C15 (20C05 20C10)},
  MRNUMBER = {MR1645304 (99j:20011)},
MRREVIEWER = {Gerhard Hiss},
}

@book {HB82,
    AUTHOR = {Huppert, Bertram and Blackburn, Norman},
     TITLE = {Finite groups. {II}},
    SERIES = {Grundlehren der Mathematischen Wissenschaften [Fundamental
              Principles of Mathematical Sciences]},
    VOLUME = {242},
      NOTE = {AMD, 44},
 PUBLISHER = {Springer-Verlag},
   ADDRESS = {Berlin},
      YEAR = {1982},
     PAGES = {xiii+531},
      ISBN = {3-540-10632-4},
   MRCLASS = {20-02 (20Dxx)},
  MRNUMBER = {MR650245 (84i:20001a)},
}

@phdthesis{Jan95,
    author = {Jansen, C.},
     title = {Ein {A}tlas $3$-modularer {C}haraktertafeln},
      type = {Dissertation},
    school = {RWTH Aachen},
      year = {1995},
}

@article {Jan05,
    AUTHOR = {Jansen, Christoph},
     TITLE = {The minimal degrees of faithful representations of the
              sporadic simple groups and their covering groups},
   JOURNAL = {LMS J. Comput. Math.},
  FJOURNAL = {LMS Journal of Computation and Mathematics},
    VOLUME = {8},
      YEAR = {2005},
     PAGES = {122--144 (electronic)},
      ISSN = {1461-1570},
   MRCLASS = {20C34},
  MRNUMBER = {MR2153793 (2006e:20026)},
MRREVIEWER = {Robert A. Wilson},
}

@article {JM97,
    AUTHOR = {Jansen, Christoph and M{\"u}ller, J{\"u}rgen},
     TITLE = {The {$3$}-modular decomposition numbers of the sporadic simple
              {S}uzuki group},
   JOURNAL = {Comm. Algebra},
  FJOURNAL = {Communications in Algebra},
    VOLUME = {25},
      YEAR = {1997},
    NUMBER = {8},
     PAGES = {2437--2458},
      ISSN = {0092-7872},
     CODEN = {COALDM},
   MRCLASS = {20C34 (20D08)},
  MRNUMBER = {MR1459570 (98e:20019)},
MRREVIEWER = {Koichiro Harada},
}

@article {JW96,
    AUTHOR = {Jansen, C. and Wilson, R. A.},
     TITLE = {The minimal faithful {$3$}-modular representation for the
              {L}yons group},
   JOURNAL = {Comm. Algebra},
  FJOURNAL = {Communications in Algebra},
    VOLUME = {24},
      YEAR = {1996},
    NUMBER = {3},
     PAGES = {873--879},
      ISSN = {0092-7872},
     CODEN = {COALDM},
   MRCLASS = {20C34 (20C40 20D08)},
  MRNUMBER = {MR1374641 (97a:20021)},
MRREVIEWER = {Herbert Pahlings},
}

@article {JW98,
    AUTHOR = {Jansen, C. and Wilson, R. A.},
     TITLE = {The {$2$}-modular and {$3$}-modular decomposition numbers for
              the sporadic simple {O}'{N}an group and its triple cover},
   JOURNAL = {J. London Math. Soc. (2)},
  FJOURNAL = {Journal of the London Mathematical Society. Second Series},
    VOLUME = {57},
      YEAR = {1998},
    NUMBER = {1},
     PAGES = {71--90},
      ISSN = {0024-6107},
     CODEN = {JLMSAK},
   MRCLASS = {20C34 (20C20 20C40)},
  MRNUMBER = {MR1624797 (99g:20025)},
MRREVIEWER = {Gerhard Hiss},
}

@book{ JLPW95,
  author =           {Jansen, C. and Lux, K. and Parker, R. and Wilson, R.},
  title =            {An atlas of {B}rauer characters},
  publisher =        {The Clarendon Press Oxford University Press},
  series =           {London Mathematical Society Monographs. New Series},
  volume =           {11},
  address =          {New York},
  year =             {1995},
  pages =            {xviii+327},
  note =             {Appendix  2 by T. Breuer and S. Norton, Oxford Science
                      Publications},
  isbn =             {0-19-851481-6},
  mrclass =          {20C20 (20-00 20D06 20D08)},
  mrnumber =         {MR1367961 (96k:20016)},
  mrreviewer =       {J. L. Alperin},
  printedkey =       {JLPW95}
}

@article {MNP85,
    AUTHOR = {Meyer, Werner and Neutsch, Wolfram and Parker, Richard},
     TITLE = {The minimal {$5$}-representation of {L}yons' sporadic group},
   JOURNAL = {Math. Ann.},
  FJOURNAL = {Mathematische Annalen},
    VOLUME = {272},
      YEAR = {1985},
    NUMBER = {1},
     PAGES = {29--39},
      ISSN = {0025-5831},
     CODEN = {MAANA},
   MRCLASS = {20D08},
  MRNUMBER = {MR794089 (86i:20025)},
MRREVIEWER = {R. W. Carter},
}

@misc{Mue98,
    author = {M\"uller, J\"urgen},
     title = {The $5$-modular decomposition matrix of the sporadic simple
              {C}onway group {$Co_3$}.},
      year = {1998},
  language = {English},
howpublished = {Gloor, Oliver (ed.), Proceedings of the 1998 international
              symposium on symbolic and algebraic computation, ISSAC '98,
              Rostock, Germany, August 13--15, 1998. New York, NY: ACM Press.
              179--185 (1998).},
  abstract = {Summary: The 5-modular decomposition matrix of the principal
              block of the sporadic simple Conway group $Co_3$ is determined.
              The results are obtained by a combination of character
              theoretic methods and explicit module constructions and
              analyses, especially condensation techniques, with the
              assistance of the computer algebra systems GAP, MOC, and
              MeatAxe.},
  keywords = {$5$-modular decomposition matrices; principal blocks;
              sporadic simple Conway group $Co_3$},
 classmath = {*20C34 (Representations of sporadic groups)
              20C20 (Modular representations and characters of groups)},
  crossref = {Glo98},
 zblnumber = {0921.20012},
}

@incollection {MR99,
    AUTHOR = {M{\"u}ller, J{\"u}rgen and Rosenboom, Jens},
     TITLE = {Condensation of induced representations and an application:
              the {$2$}-modular decomposition numbers of {${\rm Co}\sb 2$}},
 BOOKTITLE = {Computational methods for representations of groups and
              algebras (Essen, 1997)},
    SERIES = {Progr. Math.},
    VOLUME = {173},
     PAGES = {309--321},
 PUBLISHER = {Birkh\"auser},
   ADDRESS = {Basel},
      YEAR = {1999},
   MRCLASS = {20C15 (20C40 20D08)},
  MRNUMBER = {MR1714619 (2000g:20024)},
  crossref = {DMR99},
}

@book {NT89,
    AUTHOR = {Nagao, Hirosi and Tsushima, Yukio},
     TITLE = {Representations of finite groups},
      NOTE = {Translated from the Japanese},
 PUBLISHER = {Academic Press Inc.},
   ADDRESS = {Boston, MA},
      YEAR = {1989},
     PAGES = {xviii+424},
      ISBN = {0-12-513660-9},
   MRCLASS = {20Cxx (20-01 20C20)},
  MRNUMBER = {MR998775 (90h:20008)},
MRREVIEWER = {Roderick Gow},
}

@article {Nor88,
    AUTHOR = {Norton, Simon P.},
     TITLE = {On the group {${\rm Fi}\sb {24}$}},
      NOTE = {Geometries and groups (Noordwijkerhout, 1986)},
   JOURNAL = {Geom. Dedicata},
  FJOURNAL = {Geometriae Dedicata},
    VOLUME = {25},
      YEAR = {1988},
    NUMBER = {1-3},
     PAGES = {483--501},
      ISSN = {0046-5755},
     CODEN = {GEMDAT},
   MRCLASS = {20D08},
  MRNUMBER = {MR925848 (89k:20024)},
}

@article {Ryb88b,
    AUTHOR = {Ryba, A. J. E.},
     TITLE = {Calculation of the {$7$}-modular characters of the {H}eld
              group},
   JOURNAL = {J. Algebra},
  FJOURNAL = {Journal of Algebra},
    VOLUME = {117},
      YEAR = {1988},
    NUMBER = {1},
     PAGES = {240--255},
      ISSN = {0021-8693},
     CODEN = {JALGA4},
   MRCLASS = {20C20 (20D08)},
  MRNUMBER = {MR955602 (89g:20026)},
MRREVIEWER = {David Benson},
}

@article {SW94,
    AUTHOR = {Suleiman, Ibrahim A. I. and Wilson, Robert A.},
     TITLE = {The {$2$}-modular characters of {C}onway's group {${\rm Co}\sb
              2$}},
   JOURNAL = {Math. Proc. Cambridge Philos. Soc.},
  FJOURNAL = {Mathematical Proceedings of the Cambridge Philosophical
              Society},
    VOLUME = {116},
      YEAR = {1994},
    NUMBER = {2},
     PAGES = {275--283},
      ISSN = {0305-0041},
     CODEN = {MPCPCO},
   MRCLASS = {20C40 (20C34)},
  MRNUMBER = {MR1281546 (95e:20024)},
MRREVIEWER = {Herbert Pahlings},
}

@article {SW97,
    AUTHOR = {Suleiman, Ibrahim A. I. and Wilson, Robert A.},
     TITLE = {The {$2$}-modular characters of {C}onway's third group {${\rm
              Co}\sb 3$}},
      NOTE = {Computational algebra and number theory (London, 1993)},
   JOURNAL = {J. Symbolic Comput.},
  FJOURNAL = {Journal of Symbolic Computation},
    VOLUME = {24},
      YEAR = {1997},
    NUMBER = {3-4},
     PAGES = {493--506},
      ISSN = {0747-7171},
   MRCLASS = {20C34 (20C20 20C40 20D08)},
  MRNUMBER = {MR1484495 (98k:20018)},
MRREVIEWER = {Herbert Pahlings},
}

@article {Wil93c,
    AUTHOR = {Wilson, Robert A.},
     TITLE = {A new construction of the {B}aby {M}onster and its
              applications},
   JOURNAL = {Bull. London Math. Soc.},
  FJOURNAL = {The Bulletin of the London Mathematical Society},
    VOLUME = {25},
      YEAR = {1993},
    NUMBER = {5},
     PAGES = {431--437},
      ISSN = {0024-6093},
     CODEN = {LMSBBT},
   MRCLASS = {20D08 (20C34 20C40)},
  MRNUMBER = {MR1233405 (94k:20027)},
MRREVIEWER = {Richard Lyons},
}

@misc{Wil,
author       = {Wilson, R. A.},
title        = {{ATLAS of Finite Group Representations}},
key          = {ATLAS},
howpublished = {\href{http://brauer.maths.qmul.ac.uk/Atlas}{http://brauer.maths.qmul.ac.uk/Atlas}},
}

%%%%%%%%%%%%%%%%%%%%%%%%%%%%%%%%%%%%%%%%%%%%%%%%%%%%%%%%%%%%%%%%%%%%%%%%%%%%
%%
%%  entries needed by crossref
%%

@proceedings{Glo98,
  editor =           {Gloor, O.},
  title =            {Proceedings of the 1998 {I}nternational {S}ymposium on
                      {S}ymbolic and {A}lgebraic {C}omputation},
  organization =     {The Association for Computing Machinery},
  publisher =        {Association for Computing Machinery (ACM)},
  address =          {New York},
  year =             {1998},
  pages =            {front matter+321 pp. (electronic)},
  note =             {Held in Rostock, August 13--15, 1998},
  key =              {ACM},
  mrclass =          {68-06 (00B25 68W30)},
  mrnumber =         {MR1805195 (2001m:68004)}
}

@book {DMR99,
     TITLE = {Computational methods for representations of groups and
              algebras},
    SERIES = {Progress in Mathematics},
    VOLUME = {173},
    EDITOR = {Dr{\"a}xler, P. and Michler, G. O. and Ringel, C. M.},
      NOTE = {Papers from the 1st Euroconference held at the University of
              Essen, Essen, April 1--5, 1997},
 PUBLISHER = {Birkh\"auser Verlag},
   ADDRESS = {Basel},
      YEAR = {1999},
     PAGES = {xiv+357},
      ISBN = {3-7643-6063-1},
   MRCLASS = {16-06 (00B25 20-06)},
  MRNUMBER = {MR1714600 (2000d:16001)},
}

%%%%%%%%%%%%%%%%%%%%%%%%%%%%%%%%%%%%%%%%%%%%%%%%%%%%%%%%%%%%%%%%%%%%%%%%%%%%
%%
%E

