%%%%%%%%%%%%%%%%%%%%%%%%%%%%%%%%%%%%%%%%%%%%%%%%%%%%%%%%%%%%%%%%%%%%%%%%%
%%
%W  finlie.bib                  documentation                Bettina Eick
%%

@book{DGr00,
        author = {Willem DeGraaf},
        title = {Lie Algebras: Theory and Algorithms},
        publisher = {North Holland},
        year = 2000}

@article{Hog82,
    author = {G.M.D. Hogeweij},
    title = {Almost-classical Lie algebras {I}},
    journal = {Indag. Math.},
    volume = {??},
    pages = {441 -- 452},
    year = 1982}

@article{Eic04a,
    author = {Bettina Eick},
    title = {Computing the automorphism group of a solvable Lie Algebra},
    journal = {Lin. Alg. and Appl.},
    volume = {382},
    pages = {195 -- 209},
    year = 2004}

@article{Sun94,
         author = {Terje Sund},
         title = {Classification of filiform solvable Lie algebras},
         journal = {Comm. Alg.},
         volume = {22},
         pages = {561 -- 593},
         year = 1994}

@article{Sun79,
         author = {Terje Sund},
         title = {On the structure of solvable Lie algebras},
         journal = {Math. Scand.},
         volume = {44},
         pages = {143 -- 156},
         year = 1979}
 
@article{ZPa90a,
    author = {J. Patera and H. Zassenhaus},
    title = {Solvable Lie Algebras of Dimension $\leq$ 4 over Perfect
             Fields},
    journal = {Lin. Alg. Appl.},
    volume = {142},
    pages = {1 -- 17},
    year = 1990 }

@article{ZPa90b,
    author = {J. Patera and H. Zassenhaus},
    title = {The Construction of Solvable Lie Algebras from Equidimensional
             Nilpotent Algebras},
    journal = {Lin. Alg. Appl.},
    volume = {133},
    pages = {89 -- 120},
    year = 1990 }

@book{SFa88,
        author = {Helmut Strade and Rolf Farnsteirner},
        title = {Modular Lie Algebras and Their Representations},
        publisher = {Marcel Dekker, New York, Basel},
        series = {Pure and Applied Mathematics},
        year = 1988}




